@misc{mohoney2023high,
  title={High-Throughput Vector Similarity Search in Knowledge Graphs},
  author={Jason Mohoney and Anil Pacaci and Shihabur Rahman Chowdhury and Ali Mousavi and Ihab F. Ilyas and Umar Farooq Minhas and Jeffrey Pound and Theodoros Rekatsinas},
  year={2023},
  eprint={2304.01926},
  archivePrefix={arXiv},
  primaryClass={cs.DB},
  url={https://arxiv.org/pdf/2304.01926}
}

@misc{Malkov2016,
  author = {Yu. A. Malkov and D. A. Yashunin},
  title = {Efficient and robust approximate nearest neighbor search using Hierarchical Navigable Small World graphs},
  year = {2016},
  eprint={1603.09320},
  archivePrefix={arXiv},
  primaryClass={cs.DB},
  url = {https://arxiv.org/abs/1603.09320},
}

@misc{nmslib,
  author = {{NMSLIB Development Team}},
  title = {{NMSLIB: Non-Metric Space Library}},
  howpublished = {\url{https://github.com/nmslib/nmslib}},
  year = {2023},
  note = {Accessed: 2025-05-24}
}

@article{Malkov2013,
  author    = {Yury Malkov and Alexander Ponomarenko and Andrey Logvinov and Vladimir Krylov},
  title     = {Approximate nearest neighbor algorithm based on navigable small world graphs},
  journal   = {Information Systems},
  volume    = {45},
  pages     = {61--68},
  year      = {2014},
  doi       = {10.1016/j.is.2013.10.006},
  url       = {https://publications.hse.ru/mirror/pubs/share/folder/x5p6h7thif/direct/128296059}
}

@article{indyk2023worst,
  title={Worst-case Performance of Popular Approximate Nearest Neighbor Search Implementations: Guarantees and Limitations},
  author={Indyk Piotr and Xu Yujia},
  journal={arXiv preprint arXiv:2310.19126},
  year={2023},
  url={https://arxiv.org/abs/2310.19126}
}